%% Created using Papers on Wed, 03 Jul 2013.
%% http://papersapp.com/papers/

@article{Parsons:2008dl,
author = {Parsons, Aaron and Backer, Donald and Siemion, Andrew and Chen, Henry and Werthimer, Dan and Droz, Pierre and Filiba, Terry and Manley, Jason and McMahon, Peter and Parsa, Arash and MacMahon, David and Wright, Melvyn},
title = {{A Scalable Correlator Architecture Based on Modular FPGA Hardware, Reuseable Gateware, and Data Packetization}},
journal = {Publ Astron Soc Pac},
year = {2008},
volume = {120},
number = {873},
pages = {1207--1221},
month = sep
}

@article{2009astro2010T..21P,
author = {Parsons, Aaron and Werthimer, Dan and Backer, Donald and Bastian, Tim and Bower, Geoffrey and Brisken, Walter and Chen, Henry and Deller, Adam and Filiba, Terry and Gary, Dale and Greenhill, Lincoln and Hawkins, David and Jones, Glenn and Langston, Glen and Lasio, Joseph and Van Leeuwen, Joeri and Mitchell, Daniel and Manley, Jason and Siemion, Andrew and So, Hayden Kwok-Hay and Whitney, Alan and Woody, Dave and Wright, Melvyn and Zarb-Adami, Kristian},
title = {{Digital Instrumentation for the Radio Astronomy Community}},
journal = {Astro2010: The Astronomy and Astrophysics Decadal Survey},
year = {2009},
volume = {2010},
pages = {21},
month = n/a
}

@article{Chang:1997ws,
author = {Chang, C.M. and Chen, C.M. and King, C.T.},
title = {{Using Integer Linear Programming for Instruction Scheduling and Register Allocation in Multi-issue Processors}},
journal = {Computers {\&} Mathematics with Applications},
year = {1997},
volume = {34},
number = {9},
pages = {1--14}
}

@article{Davare:2007us,
author = {Davare, A. and Densmore, D. and Meyerowitz, T. and Pinto, A. and Sangiovanni-Vincentelli, A. and Yang, G. and Zeng, H. and Zhu, Q},
title = {{A next-generation design framework for platform-based design}},
journal = {Conference on Using Hardware Design and Verification Languages (DVCon)},
year = {2007},
volume = {152}
}

@phdthesis{Davare:2007ue,
author = {Davare, Abhijit},
title = {{Automated Mapping for Heterogeneous Multiprocessor Embedded Systems
}},
school = {University of California, Berkeley},
year = {2007}
}

@article{2009PASP..121..857W,
author = {Wayth, Randall B and Greenhill, Lincoln J and Briggs, Frank H},
title = {{A GPU-based Real-time Software Correlation System for the Murchison Widefield Array Prototype}},
journal = {Publ Astron Soc Pac},
year = {2009},
volume = {121},
pages = {857--865},
month = aug
}

@article{2010LPICo1538.5378S,
author = {Siemion, A and Werthimer, D and Chen, H and Cobb, J and Cordes, J and Filiba, T and Fries, A and Howard, A and Korpela, E and Lebofsky, M and Mallard, W and Spitler, L and Wagner, M},
title = {{Current and Nascent SETI Instruments in the Radio and Optical: SERENDIP V.v, OSPOSH and HRSS}},
journal = {Astrobiology Science Conference 2010: Evolution and Life: Surviving Catastrophes and Extremes on Earth and Beyond},
year = {2010},
volume = {1538},
pages = {5378},
month = apr
}

@phdthesis{Guerra:1996we,
author = {Guerra, Lisa Marie},
title = {{Behavioral level guidance using property-based design characterization}},
school = {Univerity of California, Berkeley},
year = {1996}
}

@article{Balarin:2003kc,
author = {Balarin, F. and Watanabe, Y. and Hsieh, H. and Lavagno, L. and Passerone, C. and Sangiovanni-Vincentelli, A.},
title = {{Metropolis: an integrated electronic system design environment}},
journal = {Computer},
year = {2003},
volume = {36},
number = {4},
pages = {45--52}
}

@techreport{Cross:2009ta,
author = {Cross, S and Crida, R and Bennett, T and Welz, M},
title = {{Guidelines for Communication with Devices}},
year = {2009},
month = may
}

@article{Densmore:tm,
author = {Densmore, Douglas Michael Author and Meyerowitz, Trevor Conrad Author and Davare, Abhijit Author and Zhu, Qi Author and Yang, Guang Author},
title = {{Metro II Execution Semantics for Mapping}}
}

@article{Govindaraju:2008vx,
author = {Govindaraju, N.K. and Lloyd, B and Dotsenko, Y and Smith, B and Manferdelli, J},
title = {{High performance discrete Fourier transforms on graphics processors}},
journal = {High Performance Computing, Networking, Storage and Analysis, 2008. SC 2008. International Conference for},
year = {2008},
pages = {1--12}
}

@article{Kestur:2010tn,
author = {Kestur, S and Davis, JD and Williams, O},
title = {{BLAS Comparison on FPGA, CPU and GPU}},
journal = {2010 IEEE Annual Symposium on VLSI},
year = {2010},
pages = {288--293}
}

@article{Tsoi:2010we,
author = {Tsoi, KH and Luk, W},
title = {{Axel: A heterogeneous cluster with FPGAs and GPUs}},
journal = {Proceedings of the 18th annual ACM/SIGDA international symposium on Field programmable gate arrays},
year = {2010},
pages = {115--124}
}

@article{2012Sci...338..355D,
author = {Doeleman, Sheperd S and Fish, Vincent L and Schenck, David E and Beaudoin, Christopher and Blundell, Ray and Bower, Geoffrey C and Broderick, Avery E and Chamberlin, Richard and Freund, Robert and Friberg, Per and Gurwell, Mark A and Ho, Paul T P and Honma, Mareki and Inoue, Makoto and Krichbaum, Thomas P and Lamb, James and Loeb, Abraham and Lonsdale, Colin and Marrone, Daniel P and Moran, James M and Oyama, Tomoaki and Plambeck, Richard and Primiani, Rurik A and Rogers, Alan E E and Smythe, Daniel L and SooHoo, Jason and Strittmatter, Peter and Tilanus, Remo P J and Titus, Michael and Weintroub, Jonathan and Wright, Melvyn and Young, Ken H and Ziurys, Lucy M},
title = {{Jet-Launching Structure Resolved Near the Supermassive Black Hole in M87}},
journal = {Science},
year = {2012},
volume = {338},
number = {6},
pages = {355},
month = oct,
annote = {Comments: 12 pages, 3 figures, accepted version}
}

@phdthesis{So:2007ve,
author = {So, Hayden Kwok-Hay},
title = {{BORPH: An Operating System for FPGA-based Reconfigurable Computers}},
school = {ProQuest},
year = {2007}
}

@article{2009astro2010S..64D,
author = {Demorest, P and Lazio, J and Lommen, A and Archibald, A and Arzoumanian, Z and Backer, D and Cordes, J and Demorest, P and Ferdman, R and Freire, P and Gonzalez, M and Jenet, R and Kaspi, V and Kondratiev, V and Lazio, J and Lommen, A and Lorimer, D and Lynch, R and McLaughlin, M and Nice, D and Ransom, S and Shannon, R and Siemens, X and Stairs, I and Stinebring, D and Reitze, D and Shoemaker, D and Whitcomb, S and Weiss, R},
title = {{Gravitational Wave Astronomy Using Pulsars: Massive Black Hole Mergers {\&} the Early Universe}},
journal = {Astro2010: The Astronomy and Astrophysics Decadal Survey},
year = {2009},
volume = {2010},
pages = {64},
month = n/a
}

@article{Jun:2008vv,
author = {Jun, M and Yoo, S and Chung, EY},
title = {{Mixed integer linear programming-based optimal topology synthesis of cascaded crossbar switches}},
journal = {Proceedings of the 2008 Asia and South Pacific Design Automation Conference},
year = {2008},
pages = {583--588}
}

@mastersthesis{Gibeling:2008vg,
author = {Gibeling, Greg},
title = {{RDLC2: The RAMP Model, Compiler {\&} Description Language}},
school = {University of California, Berkeley},
year = {2008}
}

@article{Theodoridis:2009gd,
author = {Theodoridis, G and Vassiliadis, N and Nikolaidis, S},
title = {{An integer linear programming model for mapping applications on hybrid systems}},
journal = {IET Computers {\&} Digital Techniques},
year = {2009},
volume = {3},
number = {1},
pages = {33}
}

@article{Parsons:2006cu,
author = {Parsons, A and Backer, D and Chen Chang and Chapman, D and Chen, H and Crescini, P and de Jesus, C and Dick, C and Droz, P and MacMahon, D and Meder, K and Mock, J and Nagpal, V and Nikolic, B and Parsa, A and Richards, B and Siemion, A and Wawrzynek, J and Werthimer, D and WRIGHT, M},
title = {{PetaOp/Second FPGA Signal Processing for SETI and Radio Astronomy}},
journal = {Signals, Systems and Computers, 2006. ACSSC '06. Fortieth Asilomar Conference on},
year = {2006},
pages = {2031--2035}
}

@article{Ransom:2009wz,
author = {Ransom, Scott M and Demorest, P and Ford, J and McCullough, R and Ray, J and DuPlain, R and Brandt, P},
title = {{GUPPI: Green Bank Ultimate Pulsar Processing Instrument}},
journal = {American Astronomical Society Meeting Abstracts {\#}214},
year = {2009},
volume = {214},
month = dec
}

@article{Deller:2007wy,
author = {Deller, A T and Tingay, S J and Bailes, M and West, C},
title = {{DiFX: A Software Correlator for Very Long Baseline Interferometry Using Multiprocessor Computing Environments}},
journal = {Publ Astron Soc Pac},
year = {2007},
volume = {119},
number = {853},
pages = {318--336},
month = mar
}

@article{Mickaliger:2011ui,
author = {Mickaliger, M B and McLaughlin, M A and Lorimer, D R and Langston, G I and Bilous, A V and Kondratiev, V I and Ransom, S M and Crawford, F},
title = {{Pulsar Science with the Green Bank 43m Telescope}},
journal = {arXiv},
year = {2011},
volume = {astro-ph.IM},
month = jan,
annote = {2 pages, 1 figure, to appear in AIP Conference Proceedings of Pulsar
  Conference 2010 "Radio Pulsars: a key to unlock the secrets of the Universe",
  Sardinia, October 2010}
}

@article{Thompson:1986ww,
author = {Thompson, A and Moran, J and Swenson, G},
title = {{Interferometry and synthesis in radio astronomy}},
journal = {New York},
year = {1986}
}

@article{Bailes:2011iy,
author = {Bailes, M M and Bates, S D SD and Bhalerao, V V and Bhat, N D R ND and Burgay, M M and Burke-Spolaor, S S and D'Amico, N N and Johnston, S S and Keith, M J MJ and Kramer, M M and Kulkarni, S R SR and Levin, L L and Lyne, A G AG and Milia, S S and Possenti, A A and Spitler, L L and Stappers, B B and van Straten, W W},
title = {{Transformation of a star into a planet in a millisecond pulsar binary.}},
journal = {Science},
year = {2011},
volume = {333},
number = {6050},
pages = {1717--1720},
month = sep
}

@article{Bunton:2000tz,
author = {Bunton, J},
title = {{ALMA Memo 342-An Improved FX Correlator}},
journal = {CSIRO, Telecommunications and Industrial Physics, Australia},
year = {2000}
}

@article{vanNieuwpoort:2009p1253,
author = {Van Nieuwpoort, R and Romein, John W},
title = {{Correlating Radio Astronomy Signals with Many-Core Hardware}},
journal = {International Journal of Parallel Programming},
year = {2009}
}

@article{Clark:2011wi,
author = {Clark, M A and La Plante, Pc and Greenhill, L J},
title = {{Accelerating radio astronomy cross-correlation with graphics processing units}},
journal = {International Journal of High Performance Computing Applications},
year = {2013},
volume = {27},
number = {2},
month = may
}

@mastersthesis{McMahon:2008tk,
author = {McMahon, P},
title = {{Adventures in Radio Astronomy Instrumentation and Signal Processing}},
school = {University of Cape Town},
year = {2008}
}

@article{Filiba:2011wl,
author = {Filiba, T and Werthimer, D},
title = {{Automatic generation of heterogeneous spectrometers for radio astronomy}},
journal = {General Assembly and Scientific Symposium, 2011 XXXth URSI},
year = {2011},
pages = {1--4}
}

@article{Kondo:2010uk,
author = {Kondo, Hirofumi and Heien, Eric and Okita, Masao and Werthimer, Dan and Hagihara, Kenichi},
title = {{A Multi-GPU Spectrometer System for Real-Time Wide Bandwidth Radio Signal Analysis}},
journal = {ISPA '10: Proceedings of the International Symposium on Parallel and Distributed Processing with Applications},
year = {2010},
month = sep
}

@article{Rakhshanfar:2011tg,
author = {Rakhshanfar, A and Anderson, JH},
title = {{An integer programming placement approach to FPGA clock power reduction}},
journal = {Proceedings of the 16th Asia and South Pacific Design Automation Conference},
year = {2011},
pages = {831--836}
}

@article{Margot:2010tl,
author = {Margot, F},
title = {{Symmetry in integer linear programming}},
journal = {50 Years of Integer Programming 1958-2008},
year = {2010},
pages = {647--686}
}

