%% Created using Papers on Wed, 26 Jun 2013.
%% http://mekentosj.com/papers/

@article{Deller:2007wy,
author = {Deller, A T and Tingay, S J and Bailes, M and West, C},
title = {{DiFX: A Software Correlator for Very Long Baseline Interferometry Using Multiprocessor Computing Environments}},
journal = {Publ Astron Soc Pac},
year = {2007},
volume = {119},
number = {853},
pages = {318--336},
month = mar
}

@mastersthesis{Gibeling:2008vg,
author = {Gibeling, Greg},
title = {{RDLC2: The RAMP Model, Compiler {\&} Description Language}},
school = {University of California, Berkeley},
year = {2008}
}

@article{Davare:2007us,
author = {Davare, A. and Densmore, D. and Meyerowitz, T. and Pinto, A. and Sangiovanni-Vincentelli, A. and Yang, G. and Zeng, H. and Zhu, Q},
title = {{A next-generation design framework for platform-based design}},
journal = {Conference on Using Hardware Design and Verification Languages (DVCon)},
year = {2007},
volume = {152}
}

@phdthesis{Davare:2007ue,
author = {Davare, Abhijit},
title = {{Automated Mapping for Heterogeneous Multiprocessor Embedded Systems
}},
school = {University of California, Berkeley},
year = {2007}
}

@article{vanNieuwpoort:2009p1253,
author = {Van Nieuwpoort, R},
title = {{Correlating Radio Astronomy Signals with Many-Core Hardware}},
journal = {International Journal of Parallel Programming},
year = {2009}
}

@phdthesis{Guerra:1996we,
author = {Guerra, Lisa Marie},
title = {{Behavioral level guidance using property-based design characterization}},
school = {Univerity of California, Berkeley},
year = {1996}
}

@article{Balarin:2003kc,
author = {Balarin, F. and Watanabe, Y. and Hsieh, H. and Lavagno, L. and Passerone, C. and Sangiovanni-Vincentelli, A.},
title = {{Metropolis: an integrated electronic system design environment}},
journal = {Computer},
year = {2003},
volume = {36},
number = {4},
pages = {45--52}
}

@article{Clark:2011wi,
author = {Clark, M and La Plante, P},
title = {{Accelerating Radio Astronomy Cross-Correlation with Graphics Processing Units}},
journal = {Arxiv preprint arXiv:1107.4264},
year = {2011}
}

@article{Kondo:2010uk,
author = {Kondo, Hirofumi and Heien, Eric and Okita, Masao and Werthimer, Dan and Hagihara, Kenichi},
title = {{A Multi-GPU Spectrometer System for Real-Time Wide Bandwidth Radio Signal Analysis}},
journal = {ISPA '10: Proceedings of the International Symposium on Parallel and Distributed Processing with Applications},
year = {2010},
month = sep
}

@article{Densmore:tm,
author = {Densmore, Douglas Michael Author and Meyerowitz, Trevor Conrad Author and Davare, Abhijit Author and Zhu, Qi Author and Yang, Guang Author},
title = {{Metro II Execution Semantics for Mapping}}
}

@article{Parsons:2009vc,
author = {Parsons, A and Werthimer, D and Backer, D and Bastian, T},
title = {{Digital Instrumentation for the Radio Astronomy Community}},
journal = {Arxiv preprint arXiv: {\ldots}},
year = {2009}
}

@article{Chang:1997ws,
author = {Chang, C.M. and Chen, C.M. and King, C.T.},
title = {{Using Integer Linear Programming for Instruction Scheduling and Register Allocation in Multi-issue Processors}},
journal = {Computers {\&} Mathematics with Applications},
year = {1997},
volume = {34},
number = {9},
pages = {1--14}
}

@article{Parsons:2006cu,
author = {Parsons, A and Backer, D and Chen Chang and Chapman, D and Chen, H and Crescini, P and de Jesus, C and Dick, C and Droz, P and MacMahon, D and Meder, K and Mock, J and Nagpal, V and Nikolic, B and Parsa, A and Richards, B and Siemion, A and Wawrzynek, J and Werthimer, D and WRIGHT, M},
title = {{PetaOp/Second FPGA Signal Processing for SETI and Radio Astronomy}},
journal = {Signals, Systems and Computers, 2006. ACSSC '06. Fortieth Asilomar Conference on},
year = {2006},
pages = {2031--2035}
}

@article{Mickaliger:2011ui,
author = {Mickaliger, M B and McLaughlin, M A and Lorimer, D R and Langston, G I and Bilous, A V and Kondratiev, V I and Ransom, S M and Crawford, F},
title = {{Pulsar Science with the Green Bank 43m Telescope}},
journal = {arXiv},
year = {2011},
volume = {astro-ph.IM},
month = jan,
annote = {2 pages, 1 figure, to appear in AIP Conference Proceedings of Pulsar
  Conference 2010 "Radio Pulsars: a key to unlock the secrets of the Universe",
  Sardinia, October 2010}
}

@article{Theodoridis:2009gd,
author = {Theodoridis, G and Vassiliadis, N and Nikolaidis, S},
title = {{An integer linear programming model for mapping applications on hybrid systems}},
journal = {IET Computers {\&} Digital Techniques},
year = {2009},
volume = {3},
number = {1},
pages = {33}
}

@article{Ransom:2009wz,
author = {Ransom, S and Demorest, P and Ford, J},
title = {{GUPPI: Green Bank Ultimate Pulsar Processing Instrument}},
journal = {American {\ldots}},
year = {2009}
}

@article{Thompson:1986ww,
author = {Thompson, A and Moran, J and Swenson, G},
title = {{Interferometry and synthesis in radio astronomy}},
journal = {New York},
year = {1986}
}

